%% This BibTeX bibliography file was created using BibDesk.
%% http://bibdesk.sourceforge.net/


%% Created for Xianrui Meng at 2012-09-26 11:17:46 -0400 


%% Saved with string encoding Unicode (UTF-8) 

		
			
@inproceedings{goldwasserMR85,		
		Acmid = {22178},		
		Address = {New York, NY, USA},		
		Author = {Goldwasser, S and Micali, S and Rackoff, C},		
		Booktitle = {Proceedings of the seventeenth annual ACM symposium on Theory of computing},		
		Date-Added = {2012-09-26 02:13:22 +0000},		
		Date-Modified = {2012-09-26 02:13:36 +0000},		
		Doi = {10.1145/22145.22178},		
		Isbn = {0-89791-151-2},		
		Location = {Providence, Rhode Island, United States},		
		Numpages = {14},		
		Pages = {291--304},		
		Publisher = {ACM},		
		Series = {STOC '85},		
		Title = {The knowledge complexity of interactive proof-systems},		
		Url = {http://doi.acm.org/10.1145/22145.22178},		
		Year = {1985},		
		Bdsk-Url-1 = {http://doi.acm.org/10.1145/22145.22178},		
		Bdsk-Url-2 = {http://dx.doi.org/10.1145/22145.22178}}		
			
 @inproceedings{GoldreichMW87,		
		Author = {Oded Goldreich and Silvio Micali and Avi Wigderson},		
		Booktitle = {STOC},		
		Crossref = {1987},		
		Ee = {http://doi.acm.org/10.1145/28395.28420},		
		Pages = {218-229},		
		Title = {How to Play any Mental Game or A Completeness Theorem for Protocols with Honest Majority},		
		Year = {1987}}		
			
@article{yao1982,		
		Address = {Los Alamitos, CA, USA},		
		Author = {Andrew C. Yao},		
		Date-Added = {2012-09-26 01:41:54 +0000},		
		Date-Modified = {2012-09-26 01:42:28 +0000},		
		Doi = {http://doi.ieeecomputersociety.org/10.1109/SFCS.1982.88},		
		Issn = {0272-5428},		
		Journal = {Foundations of Computer Science, IEEE Annual Symposium on},		
		Pages = {160-164},		
		Publisher = {IEEE Computer Society},		
		Title = {Protocols for secure computations},		
		Volume = {0},		
		Year = {1982},		
		Bdsk-Url-1 = {http://doi.ieeecomputersociety.org/10.1109/SFCS.1982.88}}		
			
@inproceedings{canettiUC,		
  	Author = {Canetti, R.},		
  	Booktitle = {Foundations of Computer Science, 2001. Proceedings. 42nd IEEE Symposium on},		
		Date-Added = {2012-09-26 01:40:04 +0000},		
		Date-Modified = {2012-09-26 01:40:13 +0000},		
		Doi = {10.1109/SFCS.2001.959888},		
		Keywords = {Internet; adversarially controlled execution; arbitrary protocols; arbitrary system; authenticated communication; complex unpredictable environments; concurrent composition; cryptographic protocol paradigm; cryptographic task; key-exchange; non-malleability; oblivious transfer; public-key encryption; secure communication; secure protocol; universally composable definitions; universally composable security; zero knowledge; bibliographies; computability; cryptography; message authentication; protocols;},		
		Month = {oct.},		
		Pages = {136 - 145},		
		Title = {Universally composable security: a new paradigm for cryptographic protocols},		
		Year = {2001},		
		Bdsk-Url-1 = {http://dx.doi.org/10.1109/SFCS.2001.959888}}		
			
@article{canettiTutorial,		
Acmid = {1165570},		
		Address = {New York, NY, USA},		
		Author = {Canetti, Ran},		
		Date-Added = {2012-09-26 01:39:11 +0000},		
		Date-Modified = {2012-09-26 01:39:22 +0000},		
		Doi = {10.1145/1165555.1165570},		
		Issn = {0163-5700},		
		Issue_Date = {September 2006},		
		Journal = {SIGACT News},		
		Month = sep,		
		Number = {3},		
		Numpages = {26},		
		Pages = {67--92},		
		Publisher = {ACM},		
		Title = {Security and composition of cryptographic protocols: a tutorial (part I)},		
		Url = {http://doi.acm.org/10.1145/1165555.1165570},		
		Volume = {37},		
		Year = {2006},		
		Bdsk-Url-1 = {http://doi.acm.org/10.1145/1165555.1165570},		
		Bdsk-Url-2 = {http://dx.doi.org/10.1145/1165555.1165570}}

@article{GoldreichL06,
  author    = {Oded Goldreich and
               Yehuda Lindell},
  title     = {Session-Key Generation Using Human Passwords Only},
  journal   = {J. Cryptology},
  volume    = {19},
  number    = {3},
  year      = {2006},
  pages     = {241-340},
  ee        = {http://dx.doi.org/10.1007/s00145-006-0233-z},
}

@article{DBLP:journals/tissec/GennaroL06,
  author    = {Rosario Gennaro and
               Yehuda Lindell},
  title     = {A framework for password-based authenticated key exchange$^{\mbox{1}}$},
  journal   = {ACM Trans. Inf. Syst. Secur.},
  volume    = {9},
  number    = {2},
  year      = {2006},
  pages     = {181-234},
  ee        = {http://doi.acm.org/10.1145/1151414.1151418},
  bibsource = {DBLP, http://dblp.uni-trier.de}
}

@article{DBLP:journals/jacm/KatzOY09,
  author    = {Jonathan Katz and
               Rafail Ostrovsky and
               Moti Yung},
  title     = {Efficient and secure authenticated key exchange using weak
               passwords},
  journal   = {J. ACM},
  volume    = {57},
  number    = {1},
  year      = {2009},
  ee        = {http://doi.acm.org/10.1145/1613676.1613679},
  bibsource = {DBLP, http://dblp.uni-trier.de}
}

@article{DiffieOW92,
  author    = {Whitfield Diffie and
               Paul C. van Oorschot and
               Michael J. Wiener},
  title     = {Authentication and Authenticated Key Exchanges},
  journal   = {Des. Codes Cryptography},
  volume    = {2},
  number    = {2},
  year      = {1992},
  pages     = {107-125},
  ee        = {http://dx.doi.org/10.1007/BF00124891},
  bibsource = {DBLP, http://dblp.uni-trier.de}
}


@inproceedings{CanettiK02,
  author    = {Ran Canetti and
               Hugo Krawczyk},
  title     = {Security Analysis of IKE's Signature-Based Key-Exchange
               Protocol},
  booktitle = {CRYPTO},
  year      = {2002},
  pages     = {143-161},
  ee        = {http://dx.doi.org/10.1007/3-540-45708-9_10},
  crossref  = {DBLP:conf/crypto/2002},
  bibsource = {DBLP, http://dblp.uni-trier.de}
}


@inproceedings{DBLP:conf/eurocrypt/BellarePR00,
  author    = {Mihir Bellare and
               David Pointcheval and
               Phillip Rogaway},
  title     = {Authenticated Key Exchange Secure against Dictionary Attacks},
  booktitle = {EUROCRYPT},
  year      = {2000},
  pages     = {139-155},
  ee        = {http://dx.doi.org/10.1007/3-540-45539-6_11},
  crossref  = {DBLP:conf/eurocrypt/2000},
  bibsource = {DBLP, http://dblp.uni-trier.de}
}

@inproceedings{blumMicali82,
	Author = {Blum, Manuel and Micali, Silvio},
	Booktitle = {Foundations of Computer Science, 1982. SFCS '08. 23rd Annual Symposium on},
	Doi = {10.1109/SFCS.1982.72},
	Issn = {0272-5428},
	Month = {nov.},
	Pages = {112 -117},
	Title = {How to generate cryptographically strong sequences of pseudo random bits},
	Year = {1982},
	Bdsk-Url-1 = {http://dx.doi.org/10.1109/SFCS.1982.72}}

@inproceedings{goldreichLevin89,
	Acmid = {73010},
	Address = {New York, NY, USA},
	Author = {Goldreich, O. and Levin, L. A.},
	Booktitle = {Proceedings of the twenty-first annual ACM symposium on Theory of computing},
	Doi = {10.1145/73007.73010},
	Isbn = {0-89791-307-8},
	Location = {Seattle, Washington, United States},
	Numpages = {8},
	Pages = {25--32},
	Publisher = {ACM},
	Series = {STOC '89},
	Title = {A hard-core predicate for all one-way functions},
	Url = {http://doi.acm.org/10.1145/73007.73010},
	Year = {1989},
	Bdsk-Url-1 = {http://doi.acm.org/10.1145/73007.73010},
	Bdsk-Url-2 = {http://dx.doi.org/10.1145/73007.73010}}

@article{Dinur07,
	Author = {Irit Dinur},
	Bibsource = {DBLP, http://dblp.uni-trier.de},
	Ee = {http://doi.acm.org/10.1145/1236457.1236459},
	Journal = {J. ACM},
	Number = {3},
	Pages = {12},
	Title = {The PCP theorem by gap amplification},
	Volume = {54},
	Year = {2007}}

@inproceedings{Kilian92,
	Author = {Joe Kilian},
	Bibsource = {DBLP, http://dblp.uni-trier.de},
	Booktitle = {STOC},
	Crossref = {DBLP:conf/stoc/STOC24},
	Ee = {http://doi.acm.org/10.1145/129712.129782},
	Pages = {723-732},
	Title = {A Note on Efficient Zero-Knowledge Proofs and Arguments (Extended Abstract)},
	Year = {1992}}

@article{Micali00,
	Author = {Silvio Micali},
	Bibsource = {DBLP, http://dblp.uni-trier.de},
	Ee = {http://dx.doi.org/10.1137/S0097539795284959},
	Journal = {SIAM J. Comput.},
	Number = {4},
	Pages = {1253-1298},
	Title = {Computationally Sound Proofs},
	Volume = {30},
	Year = {2000}}

@article{diffieHellman,
	Author = {Diffie, W. and Hellman, M.},
	Date-Added = {2012-09-06 16:50:43 +0000},
	Date-Modified = {2012-09-06 16:50:53 +0000},
	Doi = {10.1109/TIT.1976.1055638},
	Issn = {0018-9448},
	Journal = {Information Theory, IEEE Transactions on},
	Keywords = {Cryptography;},
	Month = {nov},
	Number = {6},
	Pages = {644 - 654},
	Title = {New directions in cryptography},
	Volume = {22},
	Year = {1976},
	Bdsk-Url-1 = {http://dx.doi.org/10.1109/TIT.1976.1055638}}

@article{GoldwasserMicali,
	Author = {Shafi Goldwasser and Silvio Micali},
	Date-Added = {2012-09-06 13:46:11 +0000},
	Date-Modified = {2012-09-06 13:46:22 +0000},
	Doi = {10.1016/0022-0000(84)90070-9},
	Issn = {0022-0000},
	Journal = {Journal of Computer and System Sciences},
	Number = {2},
	Pages = {270 - 299},
	Title = {Probabilistic encryption},
	Url = {http://www.sciencedirect.com/science/article/pii/0022000084900709},
	Volume = {28},
	Year = {1984},
	Bdsk-Url-1 = {http://www.sciencedirect.com/science/article/pii/0022000084900709},
	Bdsk-Url-2 = {http://dx.doi.org/10.1016/0022-0000(84)90070-9}}

@inproceedings{blumMicali82,
	Author = {Blum, Manuel and Micali, Silvio},
	Booktitle = {Foundations of Computer Science, 1982. SFCS '08. 23rd Annual Symposium on},
	Doi = {10.1109/SFCS.1982.72},
	Issn = {0272-5428},
	Month = {nov.},
	Pages = {112 -117},
	Title = {How to generate cryptographically strong sequences of pseudo random bits},
	Year = {1982},
	Bdsk-Url-1 = {http://dx.doi.org/10.1109/SFCS.1982.72}}

@inproceedings{goldreichLevin89,
	Acmid = {73010},
	Address = {New York, NY, USA},
	Author = {Goldreich, O. and Levin, L. A.},
	Booktitle = {Proceedings of the twenty-first annual ACM symposium on Theory of computing},
	Doi = {10.1145/73007.73010},
	Isbn = {0-89791-307-8},
	Location = {Seattle, Washington, United States},
	Numpages = {8},
	Pages = {25--32},
	Publisher = {ACM},
	Series = {STOC '89},
	Title = {A hard-core predicate for all one-way functions},
	Url = {http://doi.acm.org/10.1145/73007.73010},
	Year = {1989},
	Bdsk-Url-1 = {http://doi.acm.org/10.1145/73007.73010},
	Bdsk-Url-2 = {http://dx.doi.org/10.1145/73007.73010}}
