@INPROCEEDINGS{blumMicali82, 
author={Blum, Manuel and Micali, Silvio}, 
booktitle={Foundations of Computer Science, 1982. SFCS '08. 23rd Annual Symposium on}, title={How to generate cryptographically strong sequences of pseudo random bits}, 
year={1982}, 
month={nov.}, 
volume={}, 
number={}, 
pages={112 -117}, 
keywords={}, 
doi={10.1109/SFCS.1982.72}, 
ISSN={0272-5428},}

@inproceedings{goldreichLevin89,
 author = {Goldreich, O. and Levin, L. A.},
 title = {A hard-core predicate for all one-way functions},
 booktitle = {Proceedings of the twenty-first annual ACM symposium on Theory of computing},
 series = {STOC '89},
 year = {1989},
 isbn = {0-89791-307-8},
 location = {Seattle, Washington, United States},
 pages = {25--32},
 numpages = {8},
 url = {http://doi.acm.org/10.1145/73007.73010},
 doi = {10.1145/73007.73010},
 acmid = {73010},
 publisher = {ACM},
 address = {New York, NY, USA},
} 

